@article{html5, 
	auTHor="DECSAI",
	Title={Práctica 1: HTML5},
	YEAR=2018,
}

@article{css,
	auTHor="DECSAI",
	Title={Práctica 1: CSS},
	YEAR=2018,
}

@misc{w3sh,
       author = "\url{https://www.w3schools.com/html}",
	year = "consultado entre el 15 de marzo y el 11 de abril",
}
       
      
@misc{w3sc,
       author = "\url{https://www.w3schools.com/css}",
	year = "consultado entre el 15 de marzo y el 11 de abril",
}

@misc{otroenlace,
	title = "http://upload.wikimedia.org/wikipedia/commons/f/f5/Rack001.jpg",
	year = "consultado el 17 de Septiembre de 2014",
}
